<?xml version="1.0" encoding="UTF-8"?><collection><record><leader>09607ntm a2200733 a 4500</leader><controlfield tag="001">006766376</controlfield><controlfield tag="003">MiAaHDL</controlfield><controlfield tag="005">20190719000000.0</controlfield><controlfield tag="006">m        d        </controlfield><controlfield tag="007">cr bn ---auaua</controlfield><controlfield tag="008">090429q16961697xx            00| ||ara d</controlfield><datafield tag="035" ind1=" " ind2=" "><subfield code="a">(MiU)006766376</subfield></datafield><datafield tag="035" ind1=" " ind2=" "><subfield code="a">sdr-miu006766376</subfield></datafield><datafield tag="040" ind1=" " ind2=" "><subfield code="a">MiU</subfield><subfield code="c">MiU</subfield><subfield code="e">amremm</subfield></datafield><datafield tag="043" ind1=" " ind2=" "><subfield code="a">n-us-mi</subfield></datafield><datafield tag="100" ind1="0" ind2=" "><subfield code="6">880-01</subfield><subfield code="a">Hamza Efendi,</subfield><subfield code="d">active 17th century.</subfield></datafield><datafield tag="245" ind1="1" ind2="0"><subfield code="6">880-02</subfield><subfield code="a">Ḥāshiyat Ḥamzah Afandī wa-Ibn Chillī wa-Minqārīʻzādah,</subfield><subfield code="f">[1108, i.e. 1696 or 1697].</subfield></datafield><datafield tag="246" ind1="3" ind2=" "><subfield code="i">Title from fore-edge label:</subfield><subfield code="a">حاشية حمزه افندى</subfield></datafield><datafield tag="246" ind1="3" ind2=" "><subfield code="i">Title from inscription on upper cover:</subfield><subfield code="a">حاشية حمزه افندى وابن چلى</subfield></datafield><datafield tag="260" ind1=" " ind2=" "><subfield code="c">[1696 or 1697]</subfield></datafield><datafield tag="300" ind1=" " ind2=" "><subfield code="a">92 leaves :</subfield><subfield code="b">paper ;</subfield><subfield code="c">212 x 152 (131-135 x 81-91) mm</subfield></datafield><datafield tag="500" ind1=" " ind2=" "><subfield code="a">Shelfmark: Ann Arbor, University of Michigan, Special Collections Library, Isl. Ms. 114</subfield></datafield><datafield tag="500" ind1=" " ind2=" "><subfield code="a">Origin: As appears in colophons on p.126 and p.181, transcription of the second and third work finished in 1108 H [1696 or 1697 M]. Copyist for the second and third works may be the author of the statement on the 'title page' (p.1), ʻUmar ibn Muḥammad. All papers suggest 17th century.</subfield></datafield><datafield tag="500" ind1=" " ind2=" "><subfield code="a">Accompanying materials: Scrap with notes, etc. (paginated pp.39-40).</subfield></datafield><datafield tag="500" ind1=" " ind2=" "><subfield code="a">Former shelfmark: British Museum, London "No. 129. Adab al-bahth, with 3 commentaries."</subfield></datafield><datafield tag="500" ind1=" " ind2=" "><subfield code="a">Binding: Pasteboards covered in laid marbled paper (in salmon, yellow, and green) with spine, fore-edge flap, and edges/turn-ins in brown leather ; Type II binding (with flap) ; board linings in laid paper ; envelope flap in different marbled paper ; sewn in once pink [?] thread, two stations ; worked endbands in red and yellow, fair condition ; overall in poor condition with significant abrasion, staining, some lifting and losses of leather, envelope flap detaching from fore-edge flap, fore-edge flap ill-fitting (small), some spine slant (slightly cocked), etc.</subfield></datafield><datafield tag="500" ind1=" " ind2=" "><subfield code="a">Support: European laid paper of roughly three types ; first work supplied on a European laid paper with 11 laid lines per cm. (vertical), chain lines spaced 21-22 mm. apart (horizontal), three circles watermark with initials 'A R' [?] and cross above, only lightly burnished ; second and third works supplied on two papers, one a thick and burnished European laid paper with 7 laid lines per cm. (vertical), chain lines spaced 30 mm. apart (horizontal), and crown-star-crescent watermark (compare Heawood 1133) the other a European laid paper with 8 laid lines per cm. (vertical), chain lines spaced 27 mm. apart (horizontal), and three crescents watermark ; some staining.</subfield></datafield><datafield tag="500" ind1=" " ind2=" "><subfield code="a">Decoration: Keywords and abbreviation symbols rubricated.</subfield></datafield><datafield tag="500" ind1=" " ind2=" "><subfield code="a">Script: Naskh-nastaʻlīq ; two hands, with first work provided in one hand and second and third works provided in another hand ; both virtually serifless with mainly closed counters and slight effect of words descending to baseline (more exaggerated in second hand) ; some exaggeration in thickness of horizontal strokes (more so in bolder first hand).</subfield></datafield><datafield tag="500" ind1=" " ind2=" "><subfield code="a">Layout: Written in 21 and 19 lines per page ; frame-ruled.</subfield></datafield><datafield tag="500" ind1=" " ind2=" "><subfield code="a">Collation: V (10), V+1 (21), 4 V(61), I+1 (64), 2 V(84), IV (92) ; chiefly quinions ; leaves left blank between works and at close ; catchwords present ; pagination in pencil, Western numerals, supplied during digitization (includes insert and skips two pages between pp.33-34).</subfield></datafield><datafield tag="500" ind1=" " ind2=" "><subfield code="a">Colophon: [Ḥāshiyat al-Chillī] "Scribal," rectangular, reads: "تمت الحاشية الشريفة لمولانا عمر بن احمد الجلي الامدي [؟] على حاشية الفتحية في الاداب سنة ۱۱۰۸" ; [Ḥāshiyat Minqārīʻzādah] "Scribal," triangular, reads: "تمت الاوراق بعناية الخلاق سنة ۱۱۰۸ م"</subfield></datafield><datafield tag="500" ind1=" " ind2=" "><subfield code="a">Incipit: [Ḥāshiyat Ḥamzah Afandī ] "يا محسنا لمن نادب في مقام العبودية بخير الاداب ويا هاديا لمن جاهد في الطاعات سبيل الصواب ... لما كانت الفوائد مشتهرة بين العلماء ... علقت عليها ما يكشف عن وجوه فرائدها ..." ; [Ḥāshiyat al-Chillī] "يا من وفقنا لاداب البحث والمناظرة في الكلام وعصمنا من الخلل والقصور في تحرير المدعى والمرام ... فيقول الفقير الى الله الغني عمر بن احمد الشهير بالچلي ان الحاشية الفتحة في الاداب لما كانت لدلتها متوارية عن الاذهاب ... فضمت اليه ما يتمم به النقصان ..." ; [Ḥāshiyat Minqārīʻzādah] "الحمد لمن رفع قوله من تأدب لاظهار الصواب ... وبعد فيقول الراجي من ربه الفوز بالسعادة يحيى بن عمر المشتهر بمنقاري زاده تحرير التقرير ان صدرت على اداب مذاكرة الرسالة الحنفية وحاشيتها الفتحية في الاداب ..."</subfield></datafield><datafield tag="500" ind1=" " ind2=" "><subfield code="a">Title from inscription on 'title page' (p.1).</subfield></datafield><datafield tag="500" ind1=" " ind2=" "><subfield code="a">Ms. composite codex.</subfield></datafield><datafield tag="505" ind1="0" ind2=" "><subfield code="a">6. p.182-p.184 : [blank].</subfield></datafield><datafield tag="505" ind1="0" ind2=" "><subfield code="a">5. p.130-p.181 : [Ḥāshiyat Minqārīʻzādah ʻalá al-Ḥāshīyah al-Fatḥīyah fī al-ādāb] / Minkarizade Yahya Efendi.</subfield></datafield><datafield tag="505" ind1="0" ind2=" "><subfield code="a">4. p.127-p.129 : [blank].</subfield></datafield><datafield tag="505" ind1="0" ind2=" "><subfield code="a">3. p.44-p.126 : [Ḥāshiyat al-Chillī ʻalá al-Ḥāshiyah al-Fatḥīyah fī al-ādāb] / ʻUmar ibn Aḥmad al-Māʼī al-Chillī.</subfield></datafield><datafield tag="505" ind1="0" ind2=" "><subfield code="a">2. p.42-43 : [blank].</subfield></datafield><datafield tag="505" ind1="0" ind2=" "><subfield code="a">1. p.1-p.41 : [Ḥāshiyat Ḥamzah Afandī ʻalá al-Ḥāshiyah al-Fatḥīyah fī al-ādāb] / Hamza Efendi.</subfield></datafield><datafield tag="510" ind1="4" ind2=" "><subfield code="a">Brockelmann, C. GAL,</subfield><subfield code="c">II, 208 (II) ; SII, 287</subfield></datafield><datafield tag="520" ind1="8" ind2=" "><subfield code="a">Fine copy of three superglosses by Hamza Efendi (d.1712), ʻUmar ibn Aḥmad al-Māʼī al-Chillī (fl. 17th cent.), and Minkarizade Yahya Efendi (d.1678) each on al-Ḥāshiyah al-Fatḥīyah by Abū al-Fatḥ Muḥammad ibn Amīn al-Ardabīlī (d.1543), itself a gloss upon al-Risālah al-Ḥanafīyah by Muḥammad al-Tibrīzī al-Ḥanafī (d.1494), a commentary on al-Ījī's (d.1355) Risālat ādāb al-baḥth wa-al-munāẓarah, a work on dialectics.</subfield></datafield><datafield tag="538" ind1=" " ind2=" "><subfield code="a">Mode of access: Internet.</subfield></datafield><datafield tag="541" ind1=" " ind2=" "><subfield code="c">Purchase ;</subfield><subfield code="a">Acquired by purchase along with Abdul Hamid Collection (funds donated by Horace Rackham).</subfield><subfield code="d">1924.</subfield></datafield><datafield tag="546" ind1=" " ind2=" "><subfield code="a">Arabic.</subfield></datafield><datafield tag="561" ind1=" " ind2=" "><subfield code="a">Bookplate of British Museum, London on interior of upper cover, "British Museum, London. No. 129. Adab al-bahth, with 3 commentaries." ; circular seal impression with figure of goat/gazelle in purple ink as well as inscription "188" in Western numerals on 'title page' (p.1) ; on blue-tinted paper pasted on ’title page’ (p.1), a detailed waqf statement in the name of al-Sayyid ʻAbd Allāh Adīb (Abdullah Edip), known as Jannatʹzādah (Cennet-zade), qāḍī of Erzurum, accompanied by his seal, reads: "وقفت وقفا صحيحا شرعيا بشرط ان لا يخرج من بيت الكتب الذي بنيته في اتصال داري ان احتاجوا اشد الاحتياج بكفيل مرعى اورهن قوي وانا الفقير اليه عز شانه السيد عبد الله اديب الشهير بجنت زاده القاضي بمدينة ارضروم عفى عنه في سنة اثنى وستين ومائتين والف" ; also on 'title page' (p.1) ownership statement reads "من عواري الزمان ومستودعات الملوان لدى الفقير اليه سبحانه عمر بن محمد احسن الله حالهما والى الفردوس مآلهما بمباركة شرعية ومقابلة مرعية في ۱۱۰۸" ; occasional marginal corrections and glosses.</subfield></datafield><datafield tag="600" ind1="1" ind2="0"><subfield code="a">Ardabīlī, Abū al-Fatḥ Muḥammad ibn Amīn,</subfield><subfield code="d">d. 1543.</subfield><subfield code="t">Ḥāshiyah al-Fatḥīyah fī al-ādāb.</subfield></datafield><datafield tag="650" ind1=" " ind2="0"><subfield code="a">Manuscripts, Arabic</subfield><subfield code="z">Michigan</subfield><subfield code="z">Ann Arbor.</subfield></datafield><datafield tag="650" ind1=" " ind2="0"><subfield code="a">Dialectic</subfield><subfield code="v">Early works to 1800.</subfield></datafield><datafield tag="700" ind1="0" ind2=" "><subfield code="6">880-07</subfield><subfield code="a">ʻUmar ibn Muḥammad,</subfield><subfield code="d">fl.1696 or 1697,</subfield><subfield code="e">former owner.</subfield></datafield><datafield tag="700" ind1="0" ind2="2"><subfield code="6">880-06</subfield><subfield code="a">Minkarizade Yahya Efendi,</subfield><subfield code="d">1609 or 1610-1678.</subfield><subfield code="t">Ḥāshiyat Minqārīʻzādah ʻalá al-Ḥāshīyah al-Fatḥīyah fī al-ādāb.</subfield></datafield><datafield tag="700" ind1="1" ind2="2"><subfield code="6">880-05</subfield><subfield code="a">Chillī, ʻUmar ibn Aḥmad al-Māʼī,</subfield><subfield code="d">fl. 17th cent.</subfield><subfield code="t">Ḥāshiyat al-Chillī ʻalá al-Ḥāshiyah al-Fatḥīyah fī al-ādāb.</subfield></datafield><datafield tag="700" ind1="1" ind2=" "><subfield code="6">880-04</subfield><subfield code="a">Ījī, ʻAḍud al-Dīn ʻAbd al-Raḥmān ibn Aḥmad,</subfield><subfield code="d">-1355?</subfield><subfield code="t">Risālat ādāb al-baḥth wa-al-munāẓarah.</subfield></datafield><datafield tag="700" ind1="0" ind2=" "><subfield code="6">880-03</subfield><subfield code="a">Muḥammad al-Tibrīzī al-Ḥanafī,</subfield><subfield code="d">d. 1494.</subfield><subfield code="t">Risālah al-Ḥanafīyah.</subfield></datafield><datafield tag="740" ind1="0" ind2="2"><subfield code="a">Ḥāshiyat Ḥamzah Afandī ʻalá al-Ḥāshiyah al-Fatḥīyah fī al-ādāb</subfield></datafield><datafield tag="773" ind1="0" ind2=" "><subfield code="a">Tiflis Collection.</subfield></datafield><datafield tag="880" ind1="0" ind2=" "><subfield code="6">700-07/</subfield><subfield code="a">عمر بن محمد،</subfield><subfield code="e">مالك سابق.</subfield></datafield><datafield tag="880" ind1="0" ind2="2"><subfield code="6">700-06/</subfield><subfield code="a">منقارى زاده يحيى افندى.</subfield><subfield code="t">حاشية منقارى زاده على الحاشية الفتحية في الآداب.</subfield></datafield><datafield tag="880" ind1="1" ind2="2"><subfield code="6">700-05/</subfield><subfield code="a">چلى, عمر بن احمد المائى.</subfield><subfield code="t">حاشية الچلى على الحاشية الفتحية في الآداب.</subfield></datafield><datafield tag="880" ind1="1" ind2=" "><subfield code="6">700-04/</subfield><subfield code="a">ايجي، عضد الدين عبد الرحمن بن احمد.</subfield><subfield code="t">رسالة آداب البحث والمناظرة.</subfield></datafield><datafield tag="880" ind1="0" ind2=" "><subfield code="6">700-03/</subfield><subfield code="a">محمد التبريزي الحنفي.</subfield><subfield code="t">رسالة الحنفية.</subfield></datafield><datafield tag="880" ind1="1" ind2="0"><subfield code="6">245-02/</subfield><subfield code="a">حاشية حمزه افندى وابن چلى ومنقارى زاده,</subfield><subfield code="f">[1108ه, 1696 أو 1697م].</subfield></datafield><datafield tag="880" ind1="0" ind2=" "><subfield code="6">100-01/</subfield><subfield code="a">حمزه افندى.</subfield></datafield><datafield tag="CID" ind1=" " ind2=" "><subfield code="a">006766376</subfield></datafield><datafield tag="DAT" ind1="0" ind2=" "><subfield code="a">20190719102634.0</subfield><subfield code="b">20190719000000.0</subfield></datafield><datafield tag="DAT" ind1="1" ind2=" "><subfield code="a">20190719090653.0</subfield><subfield code="b">2019-07-19T16:11:01Z</subfield></datafield><datafield tag="DAT" ind1="2" ind2=" "><subfield code="a">2015-10-10T18:00:06Z</subfield></datafield><datafield tag="CAT" ind1=" " ind2=" "><subfield code="a">SDR-MIU</subfield><subfield code="d">EX LIBRIS - ALEPH</subfield><subfield code="l">prepare.pl-004-008</subfield></datafield><datafield tag="FMT" ind1=" " ind2=" "><subfield code="a">BK</subfield></datafield><datafield tag="HOL" ind1=" " ind2=" "><subfield code="0">sdr-miu006766376</subfield><subfield code="a">MiU</subfield><subfield code="b">SDR</subfield><subfield code="c">MIU</subfield><subfield code="p">mdp.39015079125434</subfield><subfield code="s">MIU</subfield><subfield code="1">006766376</subfield></datafield><datafield tag="974" ind1=" " ind2=" "><subfield code="b">MIU</subfield><subfield code="c">MIU</subfield><subfield code="d">20190719</subfield><subfield code="s">lit-dlps-dc</subfield><subfield code="u">mdp.39015079125434</subfield><subfield code="y">1697</subfield><subfield code="r">pd</subfield><subfield code="q">bib</subfield><subfield code="t">non-US bib date2 &lt; 1879</subfield></datafield></record></collection>